@article{schulman2017proximal,
  author    = {John Schulman and
               Filip Wolski and
               Prafulla Dhariwal and
               Alec Radford and
               Oleg Klimov},
  title     = {Proximal Policy Optimization Algorithms},
  journal   = {CoRR},
  volume    = {abs/1707.06347},
  year      = {2017},
  url       = {http://arxiv.org/abs/1707.06347},
  eprinttype = {arXiv},
  eprint    = {1707.06347},
  timestamp = {Mon, 13 Aug 2018 16:47:34 +0200},
  biburl    = {https://dblp.org/rec/journals/corr/SchulmanWDRK17.bib},
  bibsource = {dblp computer science bibliography, https://dblp.org}
}
@misc{schulman2017trust,
      title={Trust Region Policy Optimization}, 
      author={John Schulman and Sergey Levine and Philipp Moritz and Michael I. Jordan and Pieter Abbeel},
      year={2017},
      eprint={1502.05477},
      archivePrefix={arXiv},
      primaryClass={cs.LG}
}
@phdthesis{brianEntropy2010,
    title    = {Modeling Purposeful Adaptive Behavior with the Principle of Maximum Causal Entropy},
    school   = {Carnegie Mellon University},
    author   = {Brian D Ziebart},
    year     = {2010},
    type     = {{PhD} dissertation},
}
@misc{mnih2016asynchronous,
      title={Asynchronous Methods for Deep Reinforcement Learning}, 
      author={Volodymyr Mnih and Adrià Puigdomènech Badia and Mehdi Mirza and Alex Graves and Timothy P. Lillicrap and Tim Harley and David Silver and Koray Kavukcuoglu},
      year={2016},
      eprint={1602.01783},
      archivePrefix={arXiv},
      primaryClass={cs.LG}
}
@article{Williams1992SimpleSG,
  title={Simple statistical gradient-following algorithms for connectionist reinforcement learning},
  author={Ronald J. Williams},
  journal={Machine Learning},
  year={1992},
  volume={8},
  pages={229-256}
}

@misc{haarnoja2017reinforcement,
      title={Reinforcement Learning with Deep Energy-Based Policies}, 
      author={Tuomas Haarnoja and Haoran Tang and Pieter Abbeel and Sergey Levine},
      year={2017},
      eprint={1702.08165},
      archivePrefix={arXiv},
      primaryClass={cs.LG}
}

@misc{ahmed2019understanding,
      title={Understanding the impact of entropy on policy optimization}, 
      author={Zafarali Ahmed and Nicolas Le Roux and Mohammad Norouzi and Dale Schuurmans},
      year={2019},
      eprint={1811.11214},
      archivePrefix={arXiv},
      primaryClass={cs.LG}
}

@misc{schulman2018equivalence,
      title={Equivalence Between Policy Gradients and Soft Q-Learning}, 
      author={John Schulman and Xi Chen and Pieter Abbeel},
      year={2018},
      eprint={1704.06440},
      archivePrefix={arXiv},
      primaryClass={cs.LG}
}

@misc{odonoghue2017combining,
      title={Combining policy gradient and Q-learning}, 
      author={Brendan O'Donoghue and Remi Munos and Koray Kavukcuoglu and Volodymyr Mnih},
      year={2017},
      eprint={1611.01626},
      archivePrefix={arXiv},
      primaryClass={cs.LG}
}

@misc{nachum2017bridging,
      title={Bridging the Gap Between Value and Policy Based Reinforcement Learning}, 
      author={Ofir Nachum and Mohammad Norouzi and Kelvin Xu and Dale Schuurmans},
      year={2017},
      eprint={1702.08892},
      archivePrefix={arXiv},
      primaryClass={cs.AI}
}

@Misc{ppo2stable,
  Author = "Antonin Raffin",
  Title  = "\emph{PPO2 Stable Baselines 2.10.2 documentation}",
  Note   = "\url{https://stable-baselines.readthedocs.io/en/master/modules/ppo2.html}
           [Accessed: 2021-11-26]",
  year = 2021,
}

@Misc{ppo2vsppo1,
  Author = "pzhokhov",
  Title  = "\emph{[PPO2] What is the difference between PPO1 and PPO2?}",
  Note   = "\url{https://github.com/openai/baselines/issues/485}
           [Accessed: 2021-11-26]",
  year = 2021,
}

@Misc{ppolclip,
  Author = "matwilso",
  Title  = "\emph{What is the way to understand Proximal Policy Optimization Algorithm in RL?}",
  Note   = "\url{https://stackoverflow.com/a/50663200}
           [Accessed: 2021-11-26]",
  year = 2021,
}

@Misc{ppocs294,
  Author = "John Schulman",
  Title  = "\emph{University of California, Berkeley CS294-112 11/20/17}",
  Note   = "\url{https://www.youtube.com/watch?v=gqX8J38tESw}
           [Accessed: 2021-11-28]",
  year = 2021,
}
