@misc{haarnoja2018soft,
      title={Soft Actor-Critic: Off-Policy Maximum Entropy Deep Reinforcement Learning with a Stochastic Actor}, 
      author={Tuomas Haarnoja and Aurick Zhou and Pieter Abbeel and Sergey Levine},
      year={2018},
      eprint={1801.01290},
      archivePrefix={arXiv},
      primaryClass={cs.LG}
}

@misc{mnih2013playing,
      title={Playing Atari with Deep Reinforcement Learning}, 
      author={Volodymyr Mnih and Koray Kavukcuoglu and David Silver and Alex Graves and Ioannis Antonoglou and Daan Wierstra and Martin Riedmiller},
      year={2013},
      eprint={1312.5602},
      archivePrefix={arXiv},
      primaryClass={cs.LG}
}

@misc{haarnoja2019soft,
      title={Soft Actor-Critic Algorithms and Applications}, 
      author={Tuomas Haarnoja and Aurick Zhou and Kristian Hartikainen and George Tucker and Sehoon Ha and Jie Tan and Vikash Kumar and Henry Zhu and Abhishek Gupta and Pieter Abbeel and Sergey Levine},
      year={2019},
      eprint={1812.05905},
      archivePrefix={arXiv},
      primaryClass={cs.LG}
}

@Misc{ytbcs287,
  Author = "Pieter Abbeel",
  Title  = "\emph{University of California, Berkeley CS287-FA19 Advanced Robotics}",
  Note   = "\url{https://www.youtube.com/watch?v=QASqaj_HUZw}
           [Accessed: 2021-12-07]",
  year = 2021,
}



@Misc{qlearningvspg,
  Author = "Neil Slater",
  Title  = "\emph{What is the relation between Q-learning and policy gradients methods?}",
  Note   = "\url{https://ai.stackexchange.com/a/6199}
           [Accessed: 2021-12-13]",
  year = 2021,
}