@article{ppo,
  author    = {John Schulman and
               Filip Wolski and
               Prafulla Dhariwal and
               Alec Radford and
               Oleg Klimov},
  title     = {Proximal Policy Optimization Algorithms},
  journal   = {CoRR},
  volume    = {abs/1707.06347},
  year      = {2017},
  url       = {http://arxiv.org/abs/1707.06347},
  eprinttype = {arXiv},
  eprint    = {1707.06347},
  timestamp = {Mon, 13 Aug 2018 16:47:34 +0200},
  biburl    = {https://dblp.org/rec/journals/corr/SchulmanWDRK17.bib},
  bibsource = {dblp computer science bibliography, https://dblp.org}
}

@misc{wiki_minimax, title={Minimax}, url={https://en.wikipedia.org/wiki/Minimax}, journal={Wikipedia}, publisher={Wikimedia Foundation}, year={2021}, month={Oct}}